@book{beekes,
    author    = {Robert S. P. Beekes},
    title     = {Etymological Dictionary of Greek},
    publisher = {Brill},
    location  = {Leiden, Boston},
    year      = {2010}
}

@book{buck,
    author    = {Carl D. Buck},
    title     = {Introduction to the study of the Greek dialects: grammar, selected inscriptions, glossary},
    publisher = {Ginn and Company},
    location  = {Boston},
    year      = {1910}
}

@book{rix,
    author    = {Helmut Rix},
    title     = {Historische Grammatik des Griechischen},
    publisher = {Wissenschaftliche Buchgesellschaft},
    edition   = {2., korrigierte Auflage},
    location  = {Darmstadt},
    year      = {1992}
}

@book{lejeune,
    author    = {Michel Lejeune},
    title     = {Phonétique historique du mycénien et du grec ancien},
    publisher = {Éditions Klincksieck},
    location  = {Paris},
    year      = {1972}
}

@book{bart_frueh,
	author = {Antonín Bartoněk},
	title = {Grundzüge der altgriechischen mundartlichen Frühgeschichte},
	location = {Innsbruck},
	year = {1991}
}

@book{bart_hand,
	author = {Antonín Bartoněk},
	title = {Handbuch des mykenischen Griechisch},
	publisher = {Winter},
	location = {Heidelberg},
	year = {2003}
}

@book{bart_langvok,
	author = {Antonín Bartoněk},
	title = {Development of the long-vowel system in Ancient Greek dialects},
	publisher = {Státní pedagogické nakladatelství},
	location = {Prag},
	year = {1966}
}

@book{sihler,
	author = {Andrew L. Sihler},
	title = {New Comparative Grammar of Greek and Latin},
	publisher = {Oxford University Press},
	location = {Oxford/New York},
	year = {1995}
}
